% Encoding: UTF-8
@article{IEEEexample:article_typical,
  author        = "S. Zhang and C. Zhu and J. K. O. Sin and P. K. T. Mok",
  title         = "A Novel Ultrathin Elevated Channel Low-temperature 
                   Poly-{Si} {TFT}",
  journal       = IEEE_J_EDL,
  volume        = "20",
  month         = nov,
  year          = "1999",
  pages         = "569-571"
}
@article{IEEEexample:articledualmonths,
  author        = "Y. Okada and K. Dejima and T. Ohishi",
  title         = "Analysis and Comparison of {PM} Synchronous Motor and
                   Induction Motor Type Magnetic Bearings",
  journal       = IEEE_J_IA,
  volume        = "31",
  month         = sep # "/" # oct,
  year          = "1995",
  pages         = "1047-1053"
}
@article{IEEEexample:articleetal,
  author        = "F. Delorme and others",
  title         = "Butt-jointed {DBR} Laser With 15 {nm} Tunability Grown
                   in Three {MOVPE} Steps",
  journal       = "Electron. Lett.",
  volume        = "31",
  number        = "15",
  year          = "1995",
  pages         = "1244-1245"
}
@article{IEEEexample:articlelargepages,
  author        = "A. Castaldini and A. Cavallini and B. Fraboni
                   and P. Fernandez and J. Piqueras",
  title         = "Midgap Traps Related to Compensation Processes in
                   {CdTe} Alloys",
  journal       = "Phys. Rev. B.",
  volume        = "56",
  number        = "23",
  year          = "1997",
  pages         = "14897-14900"
}


@electronic{IEEEexample:babel,
  author        = "Johannes L. Braams and Javier Bezos",
  title         = "The {Babel} package",
  url           = "http://www.ctan.org/pkg/babel",
  month         = sep,
  year          = "2014"
}
@electronic{IEEEexample:beebe_archive,
  author        = "Nelson H. F. Beebe",
  title         = "{{\TeX}} User Group Bibliography Archive",
  url           = "http://www.math.utah.edu/pub/tex/bib/index-table.html",
  month         = dec,
  year          = "2010"
}


@electronic{IEEEexample:biblatex,
  author        = "Philipp Lehman and Philip Kime",
  title         = "The biblatex package",
  url           = "http://www.ctan.org/pkg/biblatex",
  month         = apr,
  year          = "2015"
}
@electronic{IEEEexample:bibtexdesign,
  author        = "Oren Patashnik",
  title         = "Designing {{\BibTeX}} Styles",
  howpublished  = "{btxhak.pdf}",
  url           = "http://www.ctan.org/pkg/bibtex",
  month         = nov,
  year          = "2010"
}
@electronic{IEEEexample:bibtexFAQ,
  author        = "David Hoadley and Michael Shell",
  title         = "{{\BibTeX}} Tips and {FAQ}",
  howpublished  = "{btxFAQ.pdf}",
  url           = "http://mirror.ctan.org/biblio/bibtex/contrib/doc/btxFAQ.pdf",
  month         = jan,
  year          = "2007"
}
@electronic{IEEEexample:bibtexguide,
  author        = "Ki-Joo Kim",
  title         = "A {{\BibTeX}} Guide via Examples",
  howpublished  = "{bibtex\_guide.pdf}",
  url           = "http://www.geocities.ws/kijoo2000/",
  month         = nov,
  year          = "2005"
}
@electronic{IEEEexample:bibtexuser,
  author        = "Oren Patashnik",
  title         = "{{\BibTeX}}ing",
  howpublished  = "{btxdoc.pdf}",
  url           = "http://www.ctan.org/pkg/bibtex",
  month         = nov,
  year          = "2010"
}
@article{IEEEexample:bluebookarticle,
  author        = "{Consulative Committee for Space Data Systems (CCSDS)}",
  title         = "Telemetry Channel Coding",
  journal       = "Blue Book",
  number        = "4",
  year          = "1999",
  url           = "http://www.ccsds.org/documents/pdf/CCSDS-101.0-B-4.pdf"
}
@book{IEEEexample:bluebookbook,
  author        = "{Consulative Committee for Space Data Systems (CCSDS)}",
  title         = "Telemetry Channel Coding",
  series        = "Blue Book",
  number        = "4",
  publisher     = "{CCSDS}",
  address       = "Newport Beach, {CA}",
  year          = "1999",
  url           = "http://www.ccsds.org/documents/pdf/CCSDS-101.0-B-4.pdf"
}
@manual{IEEEexample:bluebookmanual,
  title         = "Telemetry Channel Coding",
  howpublished  = "ser. Blue Book, No. 4",
  organization  = "Consulative Committee for Space Data Systems (CCSDS)",
  address       = "Newport Beach, CA",
  year          = "1999",
  url           = "http://www.ccsds.org/documents/pdf/CCSDS-101.0-B-4.pdf"
}
@standard{IEEEexample:bluebookstandard,
  title         = "Telemetry Channel Coding",
  howpublished  = "ser. Blue Book, No. 4",
  organization  = "Consulative Committee for Space Data Systems (CCSDS)",
  address       = "Newport Beach, CA",
  type          = "Recommendation for Space Data System Standard",
  number        = "101.0-B-4",
  month         = May,
  year          = "1999",
  url           = "http://www.ccsds.org/documents/pdf/CCSDS-101.0-B-4.pdf"
}
@book{IEEEexample:book,
  author        = "S. M. Metev and V. P. Veiko",
  editor        = "Osgood, Jr., R. M.",
  title         = "Laser Assisted Microtechnology",
  edition       = "Second",
  publisher     = "Springer-Verlag",
  address       = "Berlin, Germany",
  year          = "1998"
}
@book{IEEEexample:book_typical,
  author        = "B. D. Cullity",
  title         = "Introduction to Magnetic Materials",
  publisher     = "Addison-Wesley",
  address       = "Reading, MA",
  year          = "1972"
}
@book{IEEEexample:bookwitheditor,
  editor        = "J. C. Candy and G. C. Temes",
  title         = "Oversampling Delta-Sigma Data Converters Theory,
                   Design and Simulation",
  publisher     = "{IEEE} Press.",
  address       = "New York",
  year          = "1992"
}
@book{IEEEexample:bookwithseriesvolume,
  editor        = "J. Breckling",
  title         = "The Analysis of Directional Time Series: Applications to
                   Wind Speed and Direction",
  series        = "Lecture Notes in Statistics",
  publisher     = "Springer",
  address       = "Berlin, Germany",
  year          = "1989",
  volume        = "61"
}


@electronic{IEEEexample:breakurl,
  author        = "Vilar da Camara Neto",
  title         = "The breakurl package",
  url           = "http://www.ctan.org/pkg/breakurl",
  month         = apr,
  year          = "2013",
}
@IEEEtranBSTCTL{IEEEexample:BSTcontrol,
  CTLuse_article_number     = "yes",
  CTLuse_paper              = "yes",
  CTLuse_url                = "yes",
  CTLuse_forced_etal        = "no",
  CTLmax_names_forced_etal  = "10",
  CTLnames_show_etal        = "1",
  CTLuse_alt_spacing        = "yes",
  CTLalt_stretch_factor     = "4",
  CTLdash_repeated_names    = "yes",
  CTLname_format_string     = "{f.~}{vv~}{ll}{, jj}",
  CTLname_latex_cmd         = "",
  CTLname_url_prefix        = "[Online]. Available:"
}
@inproceedings{IEEEexample:conf_typical,
  author        = "R. K. Gupta and S. D. Senturia",
  title         = "Pull-in Time Dynamics as a Measure of Absolute Pressure",
  booktitle     = "Proc. {IEEE} International Workshop on
                   Microelectromechanical Systems ({MEMS}'97)",
  address       = "Nagoya, Japan",
  month         = jan,
  year          = "1997",
  pages         = "290-294"
}
@inproceedings{IEEEexample:confwithadddays,
  author        = "M. S. Yee and L. Hanzo",
  title         = "Radial Basis Function Decision Feedback Equaliser
                   Assisted Burst-by-burst Adaptive Modulation",
  booktitle     = "Proc. {IEEE} Globecom '99",
  address       = "Rio de Janeiro, Brazil",
  month         = dec # " 5--9,",
  year          = "1999",
  pages         = "2183-2187"
}
@inproceedings{IEEEexample:confwithpaper,
  author        = "M. Wegmuller and J. P. von der Weid and P. Oberson
                   and N. Gisin",
  title         = "High Resolution Fiber Distributed Measurements With
                   Coherent {OFDR}",
  booktitle     = "Proc. {ECOC}'00",
  year          = "2000",
  paper         = "11.3.4",
  pages         = "109"
}
@inproceedings{IEEEexample:confwithpapertype,
  author        = "B. Mikkelsen and G. Raybon and R.-J. Essiambre and
                   K. Dreyer and Y. Su. and L. E. Nelson and J. E. Johnson
                   and G. Shtengel and A. Bond and D. G. Moodie and
                   A. D. Ellis",
  title         = "160 {Gbit/s} Single-channel Transmission Over 300 km 
                   Nonzero-dispersion Fiber With Semiconductor Based
                   Transmitter and Demultiplexer",
  booktitle     = "Proc. {ECOC}'99",
  year          = "1999",
  paper         = "2-3",
  type          = "postdeadline paper",
  pages         = "28-29"
}
@inproceedings{IEEEexample:confwithvolume,
  author        = "M. Yajnik and S. B. Moon and J. Kurose and D. Towsley",
  title         = "Measurement and Modeling of the Temporal Dependence in
                   Packet Loss",
  booktitle     = "Proc. {IEEE} {INFOCOM}'99",
  volume        = "1",
  address       = "New York, NY",
  month         = mar,
  year          = "1999",
  pages         = "345-352"
}
@misc{IEEEexample:datasheet,
  title         = "{PDCA12-70} Data Sheet",
  organization  = "Opto Speed SA",
  address       = "Mezzovico, Switzerland"
}
@misc{IEEEexample:draftasmisc,
  author        = "I. Widjaja and A. Elwalid",
  title         = "{MATE}: {MPLS} Adaptive Traffic Engineering",
  howpublished  = "IETF Draft",
  year          = "1999"
}
@electronic{IEEEexample:electronhowinfo,
  author        = "V. Jacobson",
  title         = "Modified {TCP} Congestion Avoidance Algorithm",
  howpublished  = "end2end-interest mailing list",
  url           = "ftp://ftp.isi.edu/end2end/end2end-interest-1990.mail",
  month         = apr,
  year          = "1990"
}
@electronic{IEEEexample:electronhowinfo2,
  author        = "V. Valloppillil and K. W. Ross",
  title         = "Cache Array Routing Protocol v1.1",
  howpublished  = "Internet draft",
  url           = "http://ds1.internic.net/internet-drafts/draft-vinod-carp-v1-03.txt",
  year          = "1998"
}
@electronic{IEEEexample:electronorgadd,
  author        = "D. H. Lorenz and A. Orda",
  title         = "Optimal Partition of {QoS} Requirements on Unicast
                   Paths and Multicast Trees",
  organization  = "Dept. Elect. Eng., Technion",
  address       = "Haifa, Israel",
  url           = "ftp://ftp.technion.ac.il/pub/supported/ee/Network/lor.mopq98.ps",
  month         = jul,
  year          = "1998"
}
@patent{IEEEexample:frenchpatreq,
  author        = "F. Kowalik and M. Isard",
  title         = "Estimateur d'un D{\'e}faut de Fonctionnement 
                   d'un Modulateur en Quadrature et {\'E}tage de Modulation
                   l'Utilisant",
  language      = "french",
  nationality   = "French",
  type          = "Patent Request",
  number        = "9500261",
  dayfiled      = "11",
  monthfiled    = jan,
  yearfiled     = "1995"
}


@electronic{IEEEexample:hyperref,
  author        = "Sebastian Rahtz and Heiko Oberdiek",
  title         = "The hyperref package",
  url           = "http://www.ctan.org/pkg/hyperref",
  month         = nov,
  year          = "2012"
}
@electronic{IEEEexample:IEEEwebsite,
  title         = "The {IEEE} Website",
  url           = "http://www.ieee.org/",
  year          = "2015",
  key           = "IEEE"
}
@inbook{IEEEexample:inbook,
  author        = "H. E. Rose",
  title         = "A Course in Number Theory",
  publisher     = "Oxford Univ. Press",
  address       = "New York, NY",
  year          = "1988",
  chapter       = "3"
}
@inbook{IEEEexample:inbookpagesnote,
  author        = "B. K. Bul",
  title         = "Theory Principles and Design of Magnetic Circuits",
  publisher     = "Energia Press",
  address       = "Moscow",
  year          = "1964",
  pages         = "464",
  note          = "(in Russian)"
}
@incollection{IEEEexample:incollection,
  author        = "W. V. Sorin",
  editor        = "D. Derickson",
  title         = "Optical Reflectometry for Component Characterization",
  booktitle     = "Fiber Optic Test and Measurement",
  publisher     = "Prentice-Hall",
  address       = "Englewood Cliffs, NJ",
  year          = "1998"
}
@incollection{IEEEexample:incollection_chpp,
  author        = "P. Hedelin and P. Knagenhjelm and M. Skoglund",
  editor        = "W. B. Kleijn and K. K. Paliwal",
  title         = "Theory for Transmission of Vector Quantization Data",
  booktitle     = "Speech Coding and Synthesis",
  publisher     = "Elsevier Science",
  address       = "Amsterdam, The Netherlands",
  year          = "1995",
  chapter       = "10",
  pages         = "347-396"
}
@incollection{IEEEexample:incollectionmanyauthors,
  author        = "R. M. A. Dawson and Z. Shen and D. A. Furst and
                   S. Connor and J. Hsu and M. G. Kane and R. G. Stewart and
                   A. Ipri and C. N. King and P. J. Green and R. T. Flegal
                   and S. Pearson and W. A. Barrow and E. Dickey and K. Ping
                   and C. W. Tang and S. Van. Slyke and
                   F. Chen and J. Shi and J. C. Sturm and M. H. Lu",
  title         = "Design of an Improved Pixel for a Polysilicon 
                   Active-Matrix Organic {LED} Display",
  booktitle     = "{SID} Tech. Dig.",
  volume        = "29",
  year          = "1998",
  pages         = "11-14"
}
@incollection{IEEEexample:incollectionwithseries,
  author        = "J. B. Anderson and K. Tepe",
  title         = "Properties of the Tailbiting {BCJR} Decoder",
  booktitle     = "Codes, Systems and Graphical Models",
  series        = "{IMA} Volumes in Mathematics and Its Applications",
  publisher     = "Springer-Verlag",
  address       = "New York",
  year          = "2000"
  
}
@patent{IEEEexample:jppat,
  author        = "U. Hideki",
  title         = "Quadrature Modulation Circuit",
  nationality   = "Japanese",
  number        = "152932/92",
  day           = "20",
  month         = may,
  year          = "1992"
}
@mastersthesis{IEEEexample:masters,
  author        = "Nin C. Loh",
  title         = "High-Resolution Micromachined Interferometric
                   Accelerometer",
  school        = "Massachusetts Institute of Technology",
  address       = "Cambridge",
  year          = "1992"
}
@mastersthesis{IEEEexample:masterstype,
  author        = "A. Karnik",
  title         = "Performance of {TCP} Congestion Control with Rate
                   Feedback: {TCP/ABR} and Rate Adaptive {TCP/IP}",
  school        = "Indian Institute of Science",
  type          = "M. Eng. thesis",
  address       = "Bangalore, India",
  month         = jan,
  year          = "1999"
}
@misc{IEEEexample:miscforum,
  author        = "L. Roberts",
  title         = "Enhanced Proportional Rate Control Algorithm {PRCA}",
  howpublished  = "{ATM} Forum Contribution 94-0735R1",
  month         = aug,
  year          = "1994"
}
@misc{IEEEexample:miscgermanreg,
  title         = "{M}essung von {S}t{\"o}rfeldern an {A}nlagen 
                   und {L}eitungen der {T}elekommunikation im
                   {F}requenzbereich 9 {kHz} bis 3 {GHz}",
  language      = "german",
  howpublished  = "{M}e{\ss}vorschrift {R}eg {TP} {MV} 05",
  organization  = "Regulierungsbeh{\"o}rde f{\"u}r {T}elekommunikation und
                   {P}ost ({R}eg {TP})"
}
@misc{IEEEexample:miscrfc,
  author        = "K. K. Ramakrishnan and S. Floyd",
  title         = "A Proposal to Add Explicit Congestion
                   Notification ({ECN}) to {IP}",
  howpublished  = "RFC 2481",
  month         = jan,
  year          = "1999"
}
@manual{IEEEexample:motmanual,
  title         = "{FLEXChip} Signal Processor ({MC68175/D})",
  organization  = "Motorola",
  year          = "1996"
}
@manual{IEEEexample:motmanualhowpub,
  title         = "{FLEXChip} Signal Processor",
  howpublished  = "{MC68175/D}",
  organization  = "Motorola",
  year          = "1996"
}


@electronic{IEEEexample:multibib,
  author        = "Thorsten Hansen",
  title         = "The multibib package",
  url           = "http://www.ctan.org/pkg/multibib",
  month         = dec,
  year          = "2008"
}


@electronic{IEEEexample:natbib,
  author        = "Patrick W. Daly and Arthur Ogawa",
  title         = "The natbib package",
  url           = "http://www.ctan.org/pkg/natbib",
  month         = sep,
  year          = "2010"
}
@periodical{IEEEexample:periodical,
  title         = IEEE_M_PCOM # ", Special Issue on Wireless {ATM}",
  volume        = "3",
  month         = aug,
  year          = "1996",
  key           = "IEEE"
}
@phdthesis{IEEEexample:phdurl,
  author        = "Q. Li",
  title         = "Delay Characterization and Performance Control of
                   Wide-area Networks",
  school        = "Univ. of Delaware",
  address       = "Newark",
  month         = may,
  year          = "2000",
  url           = "http://www.ece.udel.edu/~qli"
}
@inproceedings{IEEEexample:presentedatconf,
  author        = "S. G. Finn and M. M{\'e}dard and R. A. Barry",
  title         = "A Novel Approach to Automatic Protection Switching
                   Using Trees",
  intype        = "presented at the",
  booktitle     = "Proc. Int. Conf. Commun.",
  year          = "1997"
}
@misc{IEEEexample:private,
  author        = "S. Konyagin",
  howpublished  = "private communication",
  year          = "1998"
}
@electronic{IEEEexample:shellCTANpage,
  author        = "Michael Shell",
  title         = "{IEEE}tran Webpage on {CTAN}",
  url           = "http://www.ctan.org/pkg/ieeetran",
  year          = "2015"
}
@manual{IEEEexample:softmanual,
  title         = "SaberDesigner Reference Manual",
  organization  = "Analogy, Inc.",
  address       = "Beaverton, OR",
  year          = "1998",
  note          = "Release 4.3"
}
@electronic{IEEEexample:softonline,
  title         = "Ucb/lbnl/vint Network Simulator---ns (Version 2)",
  url           = "http://www-mash.cs.berkeley.edu/ns/",
  key           = "ns"
}
@standard{IEEEexample:standard,
  title         = "Wireless {LAN} Medium Access Control {(MAC)} and 
                   Physical Layer {(PHY)} Specification",
  organization  = "IEEE",
  address       = "Piscataway, NJ",
  number        = "802.11",
  year          = "1997"
}
@standard{IEEEexample:standardproposed,
  title         = "Fiber Channel Physical Interface ({FC-PI})",
  institution   = "NCITS",
  address       = "Washington, DC",
  type          = "Working Draft Proposed Standard",
  revision      = "5.2",
  year          = "1999"
}
@electronic{IEEEexample:tamethebeast,
  author        = "Nicolas Markey",
  title         = "Tame the BeaST  ---  The B to X of {{\BibTeX}}",
  url           = "http://www.ctan.org/pkg/tamethebeast",
  month         = oct,
  year          = "2009"
}
@article{IEEEexample:TBParticle,
  author        = "N. Kahale and R. Urbanke",
  title         = "On the Minimum Distance of Parallel and Serially
                   Concatenated Codes",
  journal       = IEEE_J_IT,
  year          = "submitted for publication"
}
@misc{IEEEexample:TBPmisc,
  author        = "M. Coates and A. Hero and R. Nowak and B. Yu",
  title         = "Internet Tomography",
  howpublished  = IEEE_M_SP,
  month         = may,
  year          = "2002",
  note          = "to be published"
}
@techreport{IEEEexample:techrep,
  author        = "R. Jain and K. K. Ramakrishnan and D. M. Chiu",
  title         = "Congestion Avoidance in Computer Networks with a 
                   Connectionless Network Layer",
  institution   = "Digital Equipment Corporation",
  address       = "MA",
  number        = "DEC-TR-506",
  month         = aug,
  year          = "1987"
}
@techreport{IEEEexample:techrepstdsub,
  author        = "S. Kandala",
  title         = "Changes to {A}nnex {D}",
  institution   = "{IEEE} 802.11 {TGe}",
  number        = "02/680r0",
  month         = oct,
  year          = "2002"
}
@techreport{IEEEexample:techreptype,
  author        = "J. Padhye and V. Firoiu and D. Towsley",
  title         = "A Stochastic Model of {TCP} {R}eno Congestion Avoidance
                   and Control",
  institution   = "Univ. of Massachusetts",
  address       = "Amherst, MA",
  type          = "CMPSCI Tech. Rep.",
  number        = "99-02",
  year          = "1999"
}
@techreport{IEEEexample:techreptypeii,
  author        = "D. Middleton and A. D. Spaulding",
  title         = "A Tutorial Review of Elements of Weak Signal Detection
                   in Non-{G}aussian {EMI} Environments",
  institution   = "National Telecommunications and Information
                   Administration ({NTIA}), U.S. Dept. of Commerce",
  type          = "NTIA Report",
  number        = "86-194",
  month         = may,
  year          = "1986"
}
@electronic{IEEEexample:texfaq,
  author        = "Robin Fairbairns",
  title         = "The {{\TeX}} {FAQ}",
  url           = "http://www.tex.ac.uk/",
  month         = jun,
  year          = "2014"
}
@unpublished{IEEEexample:unpublished,
  author        = "T. J. Ott and N. Aggarwal",
  title         = "{TCP} over {ATM}: {ABR} or {UBR}",
  note          = "Unpublished"
}


@electronic{IEEEexample:urlsty,
  author        = "Donald Arseneau",
  title         = "The url package",
  url           = "http://www.ctan.org/pkg/url",
  month         = dec,
  year          = "2013"
}
@patent{IEEEexample:uspat,
  author        = "Ronald E. Sorace and Victor S. Reinhardt and
                   Steven A. Vaughn",
  assignee      = "Hughes Aircraft Company",
  address       = "Los Angeles, CA",
  title         = "High-Speed Digital-to-{RF} Converter",
  nationality   = "United States",
  number        = "5668842",
  dayfiled      = "28",
  monthfiled    = feb,
  yearfiled     = "1995",
  day           = "16",
  month         = sep,
  year          = "1997"
}
@misc{IEEEexample:whitepaper,
  title         = "Advanced {QoS} Services for the Intelligent Internet",
  howpublished  = "White Paper",
  organization  = "Cisco",
  month         = may,
  year          = "1997"
}
@electronic{IEEEhowto:IEEEtranpage,
  author        = "Michael Shell",
  title         = "{IEEE}tran Homepage",
  url           = "http://www.michaelshell.org/tex/ieeetran/",
  year          = "2015"
}


