% Encoding: UTF-8

@Book{AL2001,
  title =         {CORRELATION {AND} DEPENDENCE},
  publisher =     {Imperial College Press},
  year =          {2001},
  author =        {MARI D DOMINIQUE DROUET ET AL},
  __markedentry = {[Administrator:]},
  date =          {2001-04-24},
  ean =           {9781860949753},
  pagetotal =     {236 Seiten},
  url =           {http://www.ebook.de/de/product/21497179/mari_d_dominique_drouet_et_al_correlation_and_dependence.html}
}

@Book{DominiqueDrouetMari2004,
  title =         {Correlation and Dependence},
  publisher =     {WORLD SCIENTIFIC PUB CO INC},
  year =          {2004},
  author =        {Dominique Drouet Mari, D. Drouet, Kotz S},
  __markedentry = {[Administrator:6]},
  date =          {2004-07-11},
  ean =           {9781860942648},
  isbn =          {1860942644},
  pagetotal =     {236 Seiten},
  url =           {http://www.ebook.de/de/product/4353076/dominique_drouet_mari_d_drouet_kotz_s_correlation_and_dependence.html}
}

@InProceedings{XuChangHungEtAl2006,
  author =    {Weichao Xu and Chunqi Chang and Hung, Y. S. and Kwan, S. K. and Fung, P. C. W.},
  title =     {Order Statistic Correlation Coefficient and Its Application to Association Measurement of Biosignals},
  booktitle = {Acoustics, Speech and Signal Processing, 2006. ICASSP 2006 Proceedings. 2006 IEEE International Conference on},
  year =      {2006},
  volume =    {2},
  pages =     {II},
  month =     may,
  doi =       {10.1109/ICASSP.2006.1660531},
  issn =      {1520-6149},
  keywords =  {Gaussian noise;electrocardiography;electroencephalography;medical signal processing;statistical analysis;EEG signal;biosignal association measurement;electroencephalography;heart signal;monotone nonlinear transformations;order statistic correlation coefficient;rearrangement inequality;statistical analysis;white Gaussian noises;Brain modeling;Electric variables measurement;Electroencephalography;Gaussian noise;Heart;Noise robustness;Statistical analysis;Statistics;Technological innovation;Time measurement}
}

@Article{XuChangHungEtAl2007,
  author =   {Weichao Xu and Chunqi Chang and Hung, Y. S. and Kwan, S. K. and Chin Wan Fung, P.},
  title =    {Order Statistics Correlation Coefficient as a Novel Association Measurement With Applications to Biosignal Analysis},
  journal =  {IEEE Transactions on Signal Processing},
  year =     {2007},
  volume =   {55},
  number =   {12},
  pages =    {5552--5563},
  month =    dec,
  doi =      {10.1109/TSP.2007.899374},
  issn =     {1053-587X},
  keywords = {correlation methods;delays;higher order statistics;medical signal processing;Kendall's tau;Pearson's linear coefficient;Spearman's rho;anti-noise robustness;biosignal analysis;monotone nonlinear associations;monotone nonlinear transformations;novel association measurement;order statistics correlation coefficient;rank-based coefficients;rearrangement inequality;statistical analyses;time-delay detection ability;Atrial fibrillation;Kendall's tau;Pearson's coefficient;Spearman's rho;atrial flutter;concomitant;nonlinear association measure;order statistics;rearrangement inequality}
}% Encoding: UTF-8
